<?xml version="1.0" encoding="UTF-8"?><collection xmlns="http://www.loc.gov/MARC21/slim"><record><leader>00429nam--2200145-i-4500</leader><controlfield tag="001">000042789</controlfield><controlfield tag="002">20161230</controlfield><controlfield tag="005">20161230201043</controlfield><controlfield tag="008">060222s1000------------r-----000-0-eng-d</controlfield><datafield ind1=" " ind2=" " tag="080"><subfield code="a">65.01</subfield></datafield><datafield ind1=" " ind2=" " tag="100"><subfield code="a">Stefanic-allmayer,Karl</subfield></datafield><datafield ind1=" " ind2=" " tag="245"><subfield code="a">33 de principii de conducere a intreprinderii. memento-ul directorului</subfield></datafield><datafield ind1=" " ind2=" " tag="260"><subfield code="a">Bucuresti, Ed.Politica, 1970</subfield></datafield><datafield ind1=" " ind2=" " tag="490"><subfield code="a">Biblioteca Organizarii Si Conducerii Stiintifice</subfield></datafield><datafield ind1=" " ind2=" " tag="852"><subfield code="a">34021</subfield></datafield></record></collection>